<record><leader>00000cas a22000007a 4500</leader><controlfield tag="001">12578324</controlfield><controlfield tag="008">850920d190119uuiauwr ne      0    0eng d</controlfield><datafield ind1=" " ind2=" " tag="010"><subfield code="a">sn 85050893 </subfield></datafield><datafield ind1=" " ind2=" " tag="040"><subfield code="a">INP</subfield><subfield code="b">eng</subfield><subfield code="c">INP</subfield><subfield code="d">OCLCQ</subfield></datafield><datafield ind1=" " ind2=" " tag="042"><subfield code="a">msc</subfield></datafield><datafield ind1="0" ind2=" " tag="130"><subfield code="a">Prairie City news (Prairie City, Iowa : 1901)</subfield></datafield><datafield ind1="1" ind2="4" tag="245"><subfield code="a">The Prairie City news.</subfield></datafield><datafield ind1="1" ind2="7" tag="246"><subfield code="a">News, Prairie City, Iowa</subfield><subfield code="f">&lt;May 7, 1925-July 23, 1936&gt;</subfield></datafield><datafield ind1=" " ind2=" " tag="260"><subfield code="a">Prairie City, Iowa :</subfield><subfield code="b">Randall Bros.</subfield></datafield><datafield ind1=" " ind2=" " tag="300"><subfield code="a">v. :</subfield><subfield code="b">ill.</subfield></datafield><datafield ind1="1" ind2=" " tag="362"><subfield code="a">Began with Mar. 15, 1901, issue.</subfield><subfield code="z">Cf. Prairie City news (Prairie City, Iowa : 1901), July 9, 1975.</subfield></datafield><datafield ind1=" " ind2=" " tag="500"><subfield code="a">Publisher varies.</subfield></datafield><datafield ind1=" " ind2=" " tag="500"><subfield code="a">"Centennial edition" commemorating newspaper's 100th anniversary published July 9, 1975.</subfield></datafield><datafield ind1=" " ind2=" " tag="525"><subfield code="a">Includes occasional supplements.</subfield></datafield><datafield ind1=" " ind2=" " tag="588"><subfield code="a">Description based on: Vol. 39, no. 12 (Mar. 20, 1913).</subfield></datafield><datafield ind1=" " ind2=" " tag="752"><subfield code="a">United States</subfield><subfield code="b">Iowa</subfield><subfield code="c">Jasper</subfield><subfield code="d">Prairie City.</subfield></datafield><datafield ind1="0" ind2="0" tag="780"><subfield code="t">News-kodak</subfield></datafield><datafield ind1="1" ind2=" " tag="029"><subfield code="a">AU@</subfield><subfield code="b">000024593741</subfield></datafield></record>